@article{rosenblum2005virtual,
	  title={{Virtual Machine Monitors: Current Technology and Future Trends}},
	  author={Rosenblum, Mendel and Garfinkel, Tal},
	  journal={Computer},
	  volume={38},
	  number={5},
	  year={2005}
}

@MISC{container-grow-by2020,
	  TITLE =	{{Application Containers Will Be a \$2.7Bn Market by 2020}},
	    AUTHOR =	"{451 Research}",
	      NOTE =	"\url{https://tinyurl.com/ya358jbn}",
}


@MISC{kernel-doc-cgroups,
	  TITLE =	{{Control Group v2}},
	    NOTE =	"\url{https://www.kernel.org/doc/Documentation/cgroup-v2.txt}",
}

@MISC{github,
	TITLE =	{{GitHub}},
	NOTE =	"\url{https://github.com/}",
}

@MISC{man-namespaces,
	  TITLE =	"NAMESPACES(7) $\leftarrow$ Linux Programmer's Manual",
	    NOTE =	"\url{http://man7.org/linux/man-pages/man7/namespaces.7.html}",
}

@MISC{googletest,
	TITLE =	"Google test",
	NOTE =	"\url{https://github.com/google/googletest}",
}

@MISC{krakentools,
	TITLE =	"kraken tools",
	NOTE =	"\url{https://github.com/samsung-cnct/kraken-tools}",
}

@MISC{krakenlib,
	TITLE =	"kraken lib",
	NOTE =	"\url{https://github.com/samsung-cnct/kraken-lib}",
}

@MISC{kubernetes,
	TITLE =	"kubernetes",
	NOTE =	"\url{https://github.com/kubernetes/kubernetes}",
}

@MISC{quay,
	TITLE =	"QUAY",
	NOTE =	"\url{https://quay.io/}",
}

@MISC{gnome-vfs-doc,
	TITLE =	"gnome-vfs-doc",
	NOTE =	"\url{https://pkgs.alpinelinux.org/package/v3.7/main/ppc64le/gnome-vfs-doc}",
}

@MISC{scipy,
	TITLE =	"scipy",
	NOTE =	"\url{https://github.com/scipy/scipy}",
}

@MISC{gvfs,
	TITLE =	"gvfs",
	NOTE =	"\url{https://github.com/GNOME/gvfs}",
}

@MISC{yum,
	TITLE =	"YUM",
	NOTE =	"\url{https://www.centos.org/docs/5/html/yum/}",
}

@MISC{matplotlib,
	TITLE =	"matplot lib",
	NOTE =	"\url{https://github.com/matplotlib/matplotlib}",
}

@inproceedings {dockerworkload,
	author = {Ali Anwar and Mohamed Mohamed and Vasily Tarasov and Michael Littley and Lukas Rupprecht and Yue Cheng and Nannan Zhao and Dimitrios Skourtis and Amit S. Warke and Heiko Ludwig and Dean Hildebrand and Ali R. Butt},
	title = {Improving Docker Registry Design Based on Production Workload Analysis},
	booktitle = {USENIX FAST'18},
}

@rfc{MD5,
	author = {Rivest, R.},
	title = {The MD5 Message-Digest Algorithm},
	year = {1992},
	publisher = {RFC Editor},
	address = {United States},
} 

@ARTICLE{login-container-storage-options,
	  TITLE =	{{Storage Options for Software Containers}},
	    AUTHOR =	"Mark Lamourine",
	      JOURNAL =	";login: The USENIX Magazine",
	        VOLUME =	40,
		  NUMBER =	1,
		    YEAR =	2015
}

@INPROCEEDINGS{docker-driver-eval,
	 TITLE = {{In Search of the Ideal Storage Configuration for {Docker} Containers}},
	 AUTHOR = "Vasily Tarasov and Lukas Rupprecht and Dimitris Skourtis and Amit Warke and Dean Hildebrand and Mohamed Mohamed and Nagapramod Mandagere and Wenji Li and Raju Rangaswami and Ming Zhao",
	 BOOKTITLE = "IEEE AMLCS'17",
}

@MISC{docker,
	  TITLE =	"Docker",
	    NOTE =	"\url{https://www.docker.com/}",
}

@INPROCEEDINGS{process-containers-linux,
	  TITLE =	{{Adding Generic Process Containers to the {Linux} Kernel}},
	    AUTHOR =	"Paul Menage",
	      BOOKTITLE =	"Linux Symposium'07",
}

@MISC{docker-hub,
	  TITLE =	"{Docker Hub}",
	    NOTE =	"\url{https://hub.docker.com/}",
}

@inproceedings{felter2015updated,
	title={{An Updated Performance Comparison of Virtual Machines and Linux Containers}},
	author={Felter, Wes and Ferreira, Alexandre and Rajamony, Ram and Rubio, Juan},
	booktitle={Proceedings of the 2015 IEEE International Symposium on Performance Analysis of Systems and Software (ISPASS)},
	year={2015}
}
%background
@inproceedings{xen,
	author = {Barham, Paul and Dragovic, Boris and Fraser, Keir and Hand, Steven and Harris, Tim and Ho, Alex and Neugebauer, Rolf and Pratt, Ian and Warfield, Andrew},
	title = {{Xen and the Art of Virtualization}},
	booktitle = {Proceedings of the 19th ACM Symposium on Operating Systems Principles (SOSP)},
	year = {2003}
} 

@inproceedings{VMware,
	author = {Sugerman, Jeremy and Venkitachalam, Ganesh and Lim, Beng-Hong},
	title = {{Virtualizing I/O Devices on VMware Workstation's Hosted Virtual Machine Monitor}},
	booktitle = {Proceedings of 2001 USENIX Annual Technical Conference (ATC)},
	year = {2001}
} 

@INPROCEEDINGS{KVM,
	author = {Avi Kivity and Yaniv Kamay and Dor Laor and Uri Lublin and Anthony Liguori},
	title = {KVM: the Linux Virtual Machine Monitor},
	booktitle = {In Proceedings of the 2007 Ottawa Linux Symposium (OLS’-07},
	year = {2007}
}

@article{Disco,
	author = {Bugnion, Edouard and Devine, Scott and Govil, Kinshuk and Rosenblum, Mendel},
	title = {{Disco: Running Commodity Operating Systems on Scalable Multiprocessors}},
	journal = {ACM Transactions on Computer Systems (TOCS)},
	volume = {15},
	number = {4},
	year = {1997}
} 

@MISC{LXC,
	TITLE =	"{Linux Containers}",
	NOTE =	"\url{http://linuxcontainers.org}",
}

@MISC{OpenVZ,
	TITLE =	"{OpenVZ Linux Containers Wiki}",
	NOTE =	"\url{http://openvz.org/}",
}

@inproceedings{ContainInResearch,
	author = {Julian, Spencer and Shuey, Michael and Cook, Seth},
	title = {Containers in Research: Initial Experiences with Lightweight Infrastructure},
	booktitle = {Proceedings of the XSEDE16 Conference on Diversity, Big Data, and Science at Scale},
	series = {XSEDE16},
	year = {2016},
	isbn = {978-1-4503-4755-6},
	location = {Miami, USA},
	pages = {25:1--25:6},
	articleno = {25},
	numpages = {6},
	url = {http://doi.acm.org/10.1145/2949550.2949562},
	doi = {10.1145/2949550.2949562},
	acmid = {2949562},
	publisher = {ACM},
	address = {New York, NY, USA},
	keywords = {Docker, LXC, cgroups, container}
} 

@INPROCEEDINGS{HypervisorsvsLightweight, 
	author={R. Morabito and J. Kjällman and M. Komu}, 
	booktitle={Proceedings of the 3rd IEEE International Conference on Cloud Engineering (IC2E)}, 
	title={{Hypervisors vs. Lightweight Virtualization: A Performance Comparison}},
	year={2015}
}

@inproceedings{ContainerVirtualization,
	author = {Soltesz, Stephen and P\"{o}tzl, Herbert and Fiuczynski, Marc E. and Bavier, Andy and Peterson, Larry},
	title = {{Container-based Operating System Virtualization: A Scalable, High-performance Alternative to Hypervisors}},
	booktitle = {Proceedings of the 2nd ACM SIGOPS/EuroSys European Conference on Computer Systems (EuroSys)},
	year = {2007}
} 

@MISC{namespaces,
	TITLE =	"{namespaces: namespaces - overview of Linux namespaces}",
	NOTE =	"\url{http://man7.org/linux/man-pages/man7/namespaces.7.html}",
}

@MISC{cgroups,
	TITLE =	"{cgroups - Linux control groups}",
	NOTE =	"\url{http://man7.org/linux/man-pages/man7/cgroups.7.html}",
}

@inproceedings {slacker,
	author = {Tyler Harter and Brandon Salmon and Rose Liu and Andrea C. Arpaci-Dusseau and Remzi H. Arpaci-Dusseau},
	title = {{Slacker: Fast Distribution with Lazy Docker Containers}},
	booktitle = {USENIX FAST'16},
}

@MISC{dockerregistryclient,
	TITLE =	"{Docker Registry Client}",
	NOTE =	"\url{https://github.com/heroku/docker-registry-client}",
}

%relatedwork

@inproceedings{largefscontent,
	author = {Douceur, John R. and Bolosky, William J.},
	title = {A Large-scale Study of File-system Contents},
	booktitle = {Proceedings of the 1999 ACM SIGMETRICS International Conference on Measurement and Modeling of Computer Systems},
	series = {SIGMETRICS '99},
	year = {1999},
	isbn = {1-58113-083-X},
	location = {Atlanta, Georgia, USA},
	pages = {59--70},
	numpages = {12},
	url = {http://doi.acm.org/10.1145/301453.301480},
	doi = {10.1145/301453.301480},
	acmid = {301480},
	publisher = {ACM},
	address = {New York, NY, USA},
	keywords = {analytical modeling, directory hierarchy, file-system contents, static data snapshot, workload characterization},
} 

@INPROCEEDINGS{dockerfinder, 
	author={A. Brogi and D. Neri and J. Soldani}, 
	booktitle={IEEE IC2E'17}, 
	title={{DockerFinder: Multi-attribute Search of Docker Images}},
}

@INPROCEEDINGS{dockerssd, 
	author={J. Bhimani and J. Yang and Z. Yang and N. Mi and Q. Xu and M. Awasthi and R. Pandurangan and V. Balakrishnan}, 
	booktitle={IEEE IPCCC'16}, 
	title={{Understanding performance of I/O intensive containerized applications for NVMe SSDs}}, 
}

@inproceedings{dockervulnerabile,
	author = {Shu, Rui and Gu, Xiaohui and Enck, William},
	title = {{A Study of Security Vulnerabilities on Docker Hub}},
	booktitle = {ACM CODASPY'17},
} 

@inproceedings{analysisdockergithub,
	author = {Cito, J\"{u}rgen and Schermann, Gerald and Wittern, John Erik and Leitner, Philipp and Zumberi, Sali and Gall, Harald C.},
	title = {{An Empirical Analysis of the Docker Container Ecosystem on GitHub}},
	booktitle = {IEEE MSR'17},
} 

@article{distributedatainfs,
	title = "The implications of distributed data in a commercial environment on the design of hierarchical storage management",
	journal = "Performance Evaluation",
	volume = "20",
	number = "1",
	pages = "3 - 25",
	year = "1994",
	note = "Performance '93",
	issn = "0166-5316",
	doi = "https://doi.org/10.1016/0166-5316(94)90003-5",
	url = "http://www.sciencedirect.com/science/article/pii/0166531694900035",
	author = "Tracy F. Sienknecht and Richard J. Friedrich and Joseph J. Martinka and Peter M. Friedenbach",
	keywords = "File system",
	keywords = "Workload characterization",
	keywords = "Hierarchical storage"
}

@article{fiveyearfsmetadata,
	author = {Agrawal, Nitin and Bolosky, William J. and Douceur, John R. and Lorch, Jacob R.},
	title = {A Five-year Study of File-system Metadata},
	journal = {Trans. Storage},
	issue_date = {October 2007},
	volume = {3},
	number = {3},
	month = oct,
	year = {2007},
	issn = {1553-3077},
	articleno = {9},
	url = {http://doi.acm.org/10.1145/1288783.1288788},
	doi = {10.1145/1288783.1288788},
	acmid = {1288788},
	publisher = {ACM},
	address = {New York, NY, USA},
	keywords = {File systems, generative model, longitudinal study},
} 
