@inproceedings{anwar-cloud19,
  title={Bolt: Towards a Scalable Docker Registry via Hyperconvergence},
  author={Littley, Michael and Anwar, Ali and Fayyaz, Hannan and Fayyaz, Zeshan and Tarasov, Vasily and Rupprecht, Lukas and Skourtis, Dimitrios and Mohamed, Mohamed and Ludwig, Heiko and Cheng, Yue and Butt, Ali R},
  booktitle={IEEE International Conference on Cloud Computing},
  year={2019}
}

@inproceedings{megiddo2003arc,
	title={ARC: A Self-Tuning, Low Overhead Replacement Cache.},
	author={Megiddo, Nimrod and Modha, Dharmendra S},
	booktitle={FAST},
	number={2003},
	pages={115--130},
	year={2003}
}

@inproceedings{rastogi2017cimplifier,
	title={Cimplifier: automatically debloating containers},
	author={Rastogi, Vaibhav and Davidson, Drew and De Carli, Lorenzo and Jha, Somesh and McDaniel, Patrick},
	booktitle={Proceedings of the 2017 11th Joint Meeting on Foundations of Software Engineering},
	pages={476--486},
	year={2017},
	organization={ACM}
}

@inproceedings{gschwind2017optimizing,
	title={Optimizing service delivery with minimal runtimes},
	author={Gschwind, Katharina and Adam, Constantin and Duri, Sastry and Nadgowda, Shripad and Vukovic, Maja},
	booktitle={International Conference on Service-Oriented Computing},
	pages={384--387},
	year={2017},
	organization={Springer}
}

@MISC{dockerslim,
	TITLE = {DockerSlim},
	AUTHOR="{DockerSlim}",
	NOTE="\url{https://dockersl.im}"
}

@inproceedings{cito2017empirical,
	title={An empirical analysis of the Docker container ecosystem on GitHub},
	author={Cito, J{\"u}rgen and Schermann, Gerald and Wittern, John Erik and Leitner, Philipp and Zumberi, Sali and Gall, Harald C},
	booktitle={2017 IEEE/ACM 14th International Conference on Mining Software Repositories (MSR)},
	pages={323--333},
	year={2017},
	organization={IEEE}
}

@MISC{Krohmer-proposal,
	TITLE = {Proposal: Deduplicated storage and transfer of container images},
	AUTHOR="{Alfred Krohmer}",
	NOTE="\url{https://gist.github.com/devkid/5249ea4c88aab4c7bff1b34c955c1980}"
}
@article{rosenblum2005virtual,
	  title={{Virtual Machine Monitors: Current Technology and Future Trends}},
	  author={Rosenblum, Mendel and Garfinkel, Tal},
	  journal={Computer},
	  volume={38},
	  number={5},
	  year={2005}
}

@ARTICLE{7158965,
	author={C. {Pahl}},
	journal={IEEE Cloud Computing},
	title={Containerization and the PaaS Cloud},
	year={2015},
	volume={2},
	number={3},
	pages={24-31},
	keywords={cloud computing;distributed processing;virtual machines;virtualisation;containerization;platform-as-a-service;PaaS cloud;lightweight virtualization solution;virtual machine;application packaging mechanism;distributed multicloud platform;Containerization;Virtualization;File systems;Linux;Computer architecture;Packaging;cloud;cloud computing;cluster;container;Docker;Kubernetes;multicloud;PaaS;virtualization},
	doi={10.1109/MCC.2015.51},
	ISSN={2325-6095},
	month={May},}

@INPROCEEDINGS{7819678,
	author={K. {Kumar} and M. {Kurhekar}},
	booktitle={2016 IEEE International Conference on Cloud Computing in Emerging Markets (CCEM)},
	title={Economically Efficient Virtualization over Cloud Using Docker Containers},
	year={2016},
	volume={},
	number={},
	pages={95-100},
	keywords={cloud computing;Linux;operating system kernels;storage management;virtual machines;virtualisation;virtual machine;VM manager;hypervisor based virtualization;virtual environment;guest operating system;CPU;container based virtualization;running kernel;OS instance;memory overload;Docker;Linux containers;LXC;containerization;Containers;Cloud computing;Servers;Virtualization;Kernel;Linux;Virtual machining;Docker;Container;System Level Virtualization;Cloud;Virtual Machines;LXC},
	doi={10.1109/CCEM.2016.025},
	ISSN={},
	month={Oct},}

@inproceedings {cntr,
	author = {J{\"o}rg Thalheim and Pramod Bhatotia and Pedro Fonseca and Baris Kasikci},
	title = {Cntr: Lightweight {OS} Containers},
	booktitle = {2018 {USENIX} Annual Technical Conference ({USENIX} {ATC} 18)},
	year = {2018},
	isbn = {978-1-931971-44-7},
	address = {Boston, MA},
	pages = {199--212},
	url = {https://www.usenix.org/conference/atc18/presentation/thalheim},
	publisher = {{USENIX} Association},
}

@MISC{dockerbook,
TITLE = {The Docker Book: Containerization Is the New Virtualization},
AUTHOR="{James Turnbull}",
}

@MISC{googlecengine,
	TITLE = {Google compute engine},
	AUTHOR="{Google compute engine}",
	NOTE="\url{https://cloud.google.com/compute/}"
}

@MISC{docker-registry-software,
	TITLE = {Docker Registry},
	AUTHOR="{Docker}",
	NOTE="\url{https://github.com/docker/distribution}"
}

@MISC{docker-registry-api,
	TITLE = {Docker Registry HTTP API V2},
	AUTHOR="{Docker}",
	NOTE="\url{https://github.com/docker/distribution/blob/master/docs/spec/api.md}"
}



@MISC{jfrog-artifactory,
	TITLE = {JFrog Artifactory},
	AUTHOR="{JFrog Artifcatory}",
	NOTE="\url{https://jfrog.com/artifactory/}"
}

@MISC{20percentdocker,
	TITLE = {8 Surprising Facts about Real DOcker Adoption},
	AUTHOR="{Datadog}",
	NOTE="\url{https://www.datadoghq.com/docker-adoption/}"
}

@MISC{cncfprojects,
	TITLE = {Cloud Native Computing Foundation Projects},
	AUTHOR="{Cloud Native Computing Foundation Projects}",
	NOTE="\url{https://www.cncf.io/projects/}"
}

@MISC{azurec,
	TITLE = {Microsoft Azure},
	AUTHOR="{Google compute engine}",
	NOTE="\url{https://azure.microsoft.com/en-us/}"
}

@MISC{softlayer,
	TITLE = {Softlayer},
	AUTHOR="{Google compute engine}",
	NOTE="\url{http://www.softlayer.com/}"
}

@MISC{ibmkube,
	TITLE = {IBM Cloud Kubernetes Service},
	AUTHOR="{IBM Cloud Kubernetes Service}",
	NOTE="\url{https://www.ibm.com/cloud/container-service}"
}

@MISC{awscont,
	TITLE = {Containers on AWS},
	AUTHOR="{Amazon}",
	NOTE="\url{https://aws.amazon.com/containers/services/}"
}

@MISC{amazon-ecr,
	TITLE = {Amazon Elastic Container Registry},
	AUTHOR="{Amazon}",
	NOTE="\url{https://aws.amazon.com/ecr/}"
}

@MISC{azure-cr,
	TITLE = {Azure Container Registry},
	AUTHOR="{Microsoft}",
	NOTE="\url{https://azure.microsoft.com/en-us/services/container-registry/}"
}

@MISC{google-cr,
	TITLE = {Google Container Registry},
	AUTHOR="{Google}",
	NOTE="\url{https://cloud.google.com/container-registry/}"
}

@MISC{openshift,
	TITLE = {Red Hat OpenShift},
	AUTHOR="{IBM Cloud Kubernetes Service}",
	NOTE="\url{https://www.openshift.com/}"
}

@MISC{s3,
	TITLE = {S3 storage driver},
	AUTHOR="{IBM Cloud Kubernetes Service}",
	NOTE="\url{https://docs.docker.com/registry/storage-drivers/s3/}"
}

@MISC{azuredriver,
	TITLE = {Microsoft Azure storage driver},
	AUTHOR="{Microsoft Azure storage driver}",
	NOTE="\url{https://docs.docker.com/registry/storage-drivers/azure/}"
}

@MISC{Swift,
	TITLE = {OpenStack Swift storage driver},
	AUTHOR="{OpenStack Swift storage driver}",
	NOTE="\url{https://docs.docker.com/registry/storage-drivers/swift/}"
}

@MISC{oss,
	TITLE = {Aliyun OSS storage driver},
	AUTHOR="{OpenStack Swift storage driver}",
	NOTE="\url{https://docs.docker.com/registry/storage-drivers/oss/}"
}

@MISC{gcs,
	TITLE = {Google Cloud Storage driver},
	AUTHOR="{OpenStack Swift storage driver}",
	NOTE="\url{https://docs.docker.com/registry/storage-drivers/gcs/}"
}

@inproceedings{Bonvin:2010:SFS:1807128.1807162,
	author = {Bonvin, Nicolas and Papaioannou, Thanasis G. and Aberer, Karl},
	title = {A Self-organized, Fault-tolerant and Scalable Replication Scheme for Cloud Storage},
	booktitle = {Proceedings of the 1st ACM Symposium on Cloud Computing},
	series = {SoCC '10},
	year = {2010},
	isbn = {978-1-4503-0036-0},
	location = {Indianapolis, Indiana, USA},
	pages = {205--216},
	numpages = {12},
	url = {http://doi.acm.org/10.1145/1807128.1807162},
	doi = {10.1145/1807128.1807162},
	acmid = {1807162},
	publisher = {ACM},
	address = {New York, NY, USA},
	keywords = {decentralized optimization, equilibrium, net benefit maximization, rational strategies},
} 

@ARTICLE{5655241,
	author={D. {Harnik} and B. {Pinkas} and A. {Shulman-Peleg}},
	journal={IEEE Security Privacy},
	title={Side Channels in Cloud Services: Deduplication in Cloud Storage},
	year={2010},
	volume={8},
	number={6},
	pages={40-47},
	keywords={data compression;data privacy;Internet;security of data;cloud services;cloud storage;cross-user deduplication;data leakage risk;online storage service;Internet;storage consumption;data privacy;Cloud computing;Data storage;Data management;Cloud storage;deduplication;side channels;differential privacy},
	doi={10.1109/MSP.2010.187},
	ISSN={1540-7993},
	month={Nov},}

@inproceedings{Ng:2012:PDD:2245276.2245361,
	author = {Ng, Wee Keong and Wen, Yonggang and Zhu, Huafei},
	title = {Private Data Deduplication Protocols in Cloud Storage},
	booktitle = {Proceedings of the 27th Annual ACM Symposium on Applied Computing},
	series = {SAC '12},
	year = {2012},
	isbn = {978-1-4503-0857-1},
	location = {Trento, Italy},
	pages = {441--446},
	numpages = {6},
	url = {http://doi.acm.org/10.1145/2245276.2245361},
	doi = {10.1145/2245276.2245361},
	acmid = {2245361},
	publisher = {ACM},
	address = {New York, NY, USA},
	keywords = {cloud computing, data storage, private data deduplication},
} 



@INPROCEEDINGS{6753819,
	author={P. {Puzio} and R. {Molva} and M. {Ã–nen} and S. {Loureiro}},
	booktitle={2013 IEEE 5th International Conference on Cloud Computing Technology and Science},
	title={ClouDedup: Secure Deduplication with Encrypted Data for Cloud Storage},
	year={2013},
	volume={1},
	number={},
	pages={363-370},
	keywords={cloud computing;cryptography;storage management;ClouDedup;deduplication security;encrypted data;cloud storage;storage service;block-level deduplication;data confidentiality;encryption operation;access control mechanism;Encryption;Cloud computing;Servers;Access control;Bismuth;deduplication;cloud storage;convergent encryption;confidentiality;privacy},
	doi={10.1109/CloudCom.2013.54},
	ISSN={},
	month={Dec},}

@inproceedings {UnionFS,
author = {David Quigley and Josef Sipek and Charles P. Wright and Erez Zadok},
title={{UnionFS}: Userand Community-oriented Development of a Unification Filesystem},
 booktitle={Proceedings of the 2006 Linux Symposium},
year={July 2006},
}

@inproceedings {dedupanalysis,
	author = {Nannan Zhao and Vasily Tarasov and Hadeel Albahar and Ali Anwar and Lukas Rupprecht and
	Dimitrios Skourtis and Amit S. Warke and Mohamed Mohamed and Ali R. Butt},
	title={Large-Scale Analysis of the Docker Hub Dataset},
	booktitle={In 2019 IEEE International Conference on Cluster Computing (CLUSTER)},
	year={2019},
}

@inproceedings {180277,
	author = {Mahesh Balakrishnan and Dahlia Malkhi and Vijayan Prabhakaran and Ted Wobbler and Michael Wei and John D. Davis},
	title = { {CORFU}: A Shared Log Design for Flash Clusters},
	booktitle = {Presented as part of the 9th {USENIX} Symposium on Networked Systems Design and Implementation ({NSDI} 12)},
	year = {2012},
	isbn = {978-931971-92-8},
	address = {San Jose, CA},
	pages = {1--14},
	url = {https://www.usenix.org/conference/nsdi12/technical-sessions/presentation/balakrishnan},
	publisher = {{USENIX}},
}

@MISC{container-grow-by2020,
	  TITLE =	{{Application Containers Will Be a \$2.7Bn Market by 2020}},
	    AUTHOR =	"{451 Research}",
	      NOTE =	"\url{https://tinyurl.com/ya358jbn}",
}

@MISC{lz4,
	TITLE =	{{Extremely Fast Compression algorithm}},
	NOTE =	"\url{https://github.com/lz4/lz4}",
}

@MISC{plasma,
	TITLE =	{{The Plasma In-Memory Object Store}},
	NOTE =	"\url{https://arrow.apache.org/docs/python/plasma.html}",
}

@MISC{aliyun,
	TITLE =	{{Aliyun Open Storage Service (Aliyun OSS)}},
	NOTE =	"\url{https://cn.aliyun.com/product/oss?spm=5176.683009.2.4.Wma3SL}",
}


@MISC{kernel-doc-cgroups,
	  TITLE =	{{Control Group v2}},
	    NOTE =	"\url{https://www.kernel.org/doc/Documentation/cgroup-v2.txt}",
}

@MISC{github,
	TITLE =	{{GitHub}},
	NOTE =	"\url{https://github.com/}",
}

@MISC{man-namespaces,
	  TITLE =	"NAMESPACES(7) $\leftarrow$ Linux Programmer's Manual",
	    NOTE =	"\url{http://man7.org/linux/man-pages/man7/namespaces.7.html}",
}

@MISC{googletest,
	TITLE =	"Google test",
	NOTE =	"\url{https://github.com/google/googletest}",
}

@MISC{go-ethereum,
	TITLE =	"go-ethereum",
	NOTE =	"\url{https://github.com/ethereum/go-ethereum}",
}

@MISC{xnu-chroot-environment,
	TITLE =	"xnu-chroot-environment",
	NOTE =	"\url{https://github.com/winocm/xnu-chroot-environment}",
}

@MISC{PostgreSQL,
	TITLE =	"go-ethereum",
	NOTE =	"\url{https://github.com/postgres/postgres}",
}

@MISC{krakentools,
	TITLE =	"kraken tools",
	NOTE =	"\url{https://github.com/samsung-cnct/kraken-tools}",
}

@MISC{krakenlib,
	TITLE =	"kraken lib",
	NOTE =	"\url{https://github.com/samsung-cnct/kraken-lib}",
}

@MISC{kubernetes,
	TITLE =	"kubernetes",
	NOTE =	"\url{https://github.com/kubernetes/kubernetes}",
}

@MISC{quay,
	TITLE =	"QUAY",
	NOTE =	"\url{https://quay.io/}",
}

@MISC{ibmregistry,
	TITLE =	"About IBM Cloud Container Registry",
	NOTE =	"\url{https://cloud.ibm.com/docs/services/Registry?topic=registry-registry_overview#registry_overview}",
}


@article{ghemawat2003google,
	title={The Google file system},
	author={Ghemawat, Sanjay and Gobioff, Howard and Leung, Shun-Tak},
	year={2003}
}

@MISC{gnome-vfs-doc,
	TITLE =	"gnome-vfs-doc",
	NOTE =	"\url{https://pkgs.alpinelinux.org/package/v3.7/main/ppc64le/gnome-vfs-doc}",
}

@MISC{scipy,
	TITLE =	"scipy",
	NOTE =	"\url{https://github.com/scipy/scipy}",
}

@MISC{gvfs,
	TITLE =	"gvfs",
	NOTE =	"\url{https://github.com/GNOME/gvfs}",
}

@MISC{spark,
	TITLE =	"spark",
	NOTE =	"\url{https://spark.apache.org/}",
}

@MISC{hdfs,
	TITLE =	"hdfs",
	NOTE =	"\url{https://hadoop.apache.org/docs/r1.2.1/hdfs_design.html}",
}

@MISC{yum,
	TITLE =	"YUM",
	NOTE =	"\url{https://www.centos.org/docs/5/html/yum/}",
}


@MISC{matplotlib,
	TITLE =	"matplot lib",
	NOTE =	"\url{https://github.com/matplotlib/matplotlib}",
}

@inproceedings {dockerworkload,
	author = {Ali Anwar and Mohamed Mohamed and Vasily Tarasov and Michael Littley and Lukas Rupprecht and Yue Cheng and Nannan Zhao and Dimitrios Skourtis and Amit S. Warke and Heiko Ludwig and Dean Hildebrand and Ali R. Butt},
	title = {Improving Docker Registry Design Based on Production Workload Analysis},
	booktitle = {USENIX FAST'18},
}

@article{MD5,
  title={The MD5 message-digest algorithm},
  author={Rivest, Ronald},
  year={1992}
}

@ARTICLE{login-container-storage-options,
	  TITLE =	{{Storage Options for Software Containers}},
	    AUTHOR =	"Mark Lamourine",
	      JOURNAL =	";login: The USENIX Magazine",
	        VOLUME =	40,
		  NUMBER =	1,
		    YEAR =	2015
}

@INPROCEEDINGS{docker-driver-eval,
	 TITLE = {{In Search of the Ideal Storage Configuration for {Docker} Containers}},
	 AUTHOR = "Vasily Tarasov and Lukas Rupprecht and Dimitris Skourtis and Amit Warke and Dean Hildebrand and Mohamed Mohamed and Nagapramod Mandagere and Wenji Li and Raju Rangaswami and Ming Zhao",
	 BOOKTITLE = "IEEE AMLCS'17",
}

@MISC{docker,
	  TITLE =	"Docker",
	    NOTE =	"\url{https://www.docker.com/}",
}

@MISC{cri-o,
	TITLE =	"CRI-O",
	NOTE =	"\url{https://cri-o.io/}",
}


@MISC{azure,
	TITLE =	"Microsoft Azure Storage",
	NOTE =	"\url{https://azure.microsoft.com/en-us/services/storage/}",
}

@MISC{storReduce,
	TITLE =	"StorReduce",
	NOTE =	"\url{http://storreduce.com}",
}

@MISC{StorReduce_google,
	TITLE =	{{Using StorReduce for cloud-based data deduplication}},
	NOTE =	"\url{https://cloud.google.com/solutions/partners/storreduce-cloud-deduplication}",
}

@MISC{GoogleCloudStoragePricing,
	TITLE =	"Google Cloud Storage Pricing",
	NOTE =	"\url{https://cloud.google.com/storage/pricing#storage-pricing}",
}

@MISC{GoogleContainerRegistry,
	TITLE =	"Google's Container Registry",
	NOTE =	"\url{https://cloud.google.com/container-registry/}",
}

@INPROCEEDINGS{process-containers-linux,
	  TITLE =	{{Adding Generic Process Containers to the {Linux} Kernel}},
	    AUTHOR =	"Paul Menage",
	      BOOKTITLE =	"Linux Symposium'07",
}

@MISC{docker-hub,
	  TITLE =	"{Docker Hub}",
	    NOTE =	"\url{https://hub.docker.com/}",
}

@inproceedings{felter2015updated,
	title={{An Updated Performance Comparison of Virtual Machines and Linux Containers}},
	author={Felter, Wes and Ferreira, Alexandre and Rajamony, Ram and Rubio, Juan},
	booktitle={Proceedings of the 2015 IEEE International Symposium on Performance Analysis of Systems and Software (ISPASS)},
	year={2015}
}
%background
@inproceedings{xen,
	author = {Barham, Paul and Dragovic, Boris and Fraser, Keir and Hand, Steven and Harris, Tim and Ho, Alex and Neugebauer, Rolf and Pratt, Ian and Warfield, Andrew},
	title = {{Xen and the Art of Virtualization}},
	booktitle = {Proceedings of the 19th ACM Symposium on Operating Systems Principles (SOSP)},
	year = {2003}
} 

@inproceedings{VMware,
	author = {Sugerman, Jeremy and Venkitachalam, Ganesh and Lim, Beng-Hong},
	title = {{Virtualizing I/O Devices on VMware Workstation's Hosted Virtual Machine Monitor}},
	booktitle = {Proceedings of 2001 USENIX Annual Technical Conference (ATC)},
	year = {2001}
} 

@INPROCEEDINGS{KVM,
	author = {Avi Kivity and Yaniv Kamay and Dor Laor and Uri Lublin and Anthony Liguori},
	title = {KVM: the Linux Virtual Machine Monitor},
	booktitle = {In Proceedings of the 2007 Ottawa Linux Symposium (OLSâ€™-07},
	year = {2007}
}

@article{Disco,
	author = {Bugnion, Edouard and Devine, Scott and Govil, Kinshuk and Rosenblum, Mendel},
	title = {{Disco: Running Commodity Operating Systems on Scalable Multiprocessors}},
	journal = {ACM Transactions on Computer Systems (TOCS)},
	volume = {15},
	number = {4},
	year = {1997}
} 

@MISC{LXC,
	TITLE =	"{Linux Containers}",
	NOTE =	"\url{http://linuxcontainers.org}",
}

@MISC{OpenVZ,
	TITLE =	"{OpenVZ Linux Containers Wiki}",
	NOTE =	"\url{http://openvz.org/}",
}

@inproceedings{ContainInResearch,
	author = {Julian, Spencer and Shuey, Michael and Cook, Seth},
	title = {Containers in Research: Initial Experiences with Lightweight Infrastructure},
	booktitle = {Proceedings of the XSEDE16 Conference on Diversity, Big Data, and Science at Scale},
	series = {XSEDE16},
	year = {2016},
	isbn = {978-1-4503-4755-6},
	location = {Miami, USA},
	pages = {25:1--25:6},
	articleno = {25},
	numpages = {6},
	url = {http://doi.acm.org/10.1145/2949550.2949562},
	doi = {10.1145/2949550.2949562},
	acmid = {2949562},
	publisher = {ACM},
	address = {New York, NY, USA},
	keywords = {Docker, LXC, cgroups, container}
} 

@INPROCEEDINGS{HypervisorsvsLightweight, 
	author={R. Morabito and J. KjÃ¤llman and M. Komu}, 
	booktitle={Proceedings of the 3rd IEEE International Conference on Cloud Engineering (IC2E)}, 
	title={{Hypervisors vs. Lightweight Virtualization: A Performance Comparison}},
	year={2015}
}

@inproceedings{ContainerVirtualization,
	author = {Soltesz, Stephen and P\"{o}tzl, Herbert and Fiuczynski, Marc E. and Bavier, Andy and Peterson, Larry},
	title = {{Container-based Operating System Virtualization: A Scalable, High-performance Alternative to Hypervisors}},
	booktitle = {Proceedings of the 2nd ACM SIGOPS/EuroSys European Conference on Computer Systems (EuroSys)},
	year = {2007}
} 

@inproceedings{meister2012study,
	title={A study on data deduplication in HPC storage systems},
	author={Meister, Dirk and Kaiser, J{\"u}rgen and Brinkmann, Andre and Cortes, Toni and Kuhn, Michael and Kunkel, Julian},
	booktitle={Proceedings of the International Conference on High Performance Computing, Networking, Storage and Analysis},
	pages={7},
	year={2012},
	organization={IEEE Computer Society Press}
}

@MISC{varnish,
	TITLE =	"{Varnish HTTP Cache}",
	NOTE =	"\url{https://varnish-cache.org/}",
}

@MISC{squid,
	TITLE =	"{Squid Cache - Optimising Web Delivery}",
	NOTE =	"\url{http://www.squid-cache.org/}",
}

@MISC{registryascache,
	TITLE =	"{Registry as a pull through cache}",
	NOTE =	"\url{https://docs.docker.com/registry/recipes/mirror/}",
}

@MISC{namespaces,
	TITLE =	"{namespaces: namespaces - overview of Linux namespaces}",
	NOTE =	"\url{http://man7.org/linux/man-pages/man7/namespaces.7.html}",
}

@MISC{Dockerfile,
	TITLE =	"{Dockerfile}",
	NOTE =	"\url{https://docs.docker.com/engine/reference/builder/}",
}
@MISC{dockerfs,
	TITLE =	"{Docker Registry Filesystem Driver}",
    AUTHOR="{Docker}",
	NOTE="\url{https://docs.docker.com/registry/storage-drivers/filesystem/}",
}

@MISC{pgzip,
	TITLE =	"{pgzip}",
	AUTHOR="{Klaus Post}",
	NOTE="\url{https://github.com/klauspost/pgzip}",
}

@MISC{gogzip,
	TITLE =	"{\texttt{compress/gzip}}",
	AUTHOR="{Go Standard Library}",
	NOTE="\url{https://golang.org/pkg/compress/gzip/}",
}

@MISC{bigcache,
	TITLE =	"{BigCache}",
	AUTHOR="{Allegro Tech}",
	NOTE="\url{https://github.com/allegro/bigcache}",
}

@MISC{diskv,
	TITLE =	"{Diskv}",
	AUTHOR="{Peter Bourgon}",
	NOTE="\url{https://github.com/peterbourgon/diskv}",
}


@MISC{pydxf,
	TITLE =	"{python-dxf}",
	AUTHOR="{David Halls}",
	NOTE="\url{https://pypi.org/project/python-dxf/}",
}


@MISC{singularity,
	TITLE =	"{singularity}",
	NOTE =	"\url{http://singularity.lbl.gov/}",
}

@MISC{pymagic,
	TITLE =	"{python-magic}",
	NOTE =	"\url{https://github.com/ahupp/python-magic}",
}

@MISC{NDK,
	TITLE =	"{Android Native Development Kit (NDK)}",
	NOTE =	"\url{https://github.com/android-ndk/ndk}",
}

@MISC{cgroups,
	TITLE =	"{cgroups - Linux control groups}",
	NOTE =	"\url{http://man7.org/linux/man-pages/man7/cgroups.7.html}",
}

@MISC{basictar,
	TITLE =	"{Basic Tar Format}",
	AUTHOR = "{GNU Tar}",
	NOTE = "\url{https://www.gnu.org/software/tar/manual/html_node/Standard.html}",
}

@MISC{redis,
	TITLE =	"{redis}",
	NOTE =	"\url{https://redis.io/}",
}
@MISC{SETNX,
	TITLE =	"{SETNX}",
	AUTHOR = "{Redis}",
	NOTE =	"\url{https://redis.io/commands/setnx}",
}


@MISC{cowsay,
	TITLE =	"{cowsay}",
	NOTE =	"\url{https://github.com/piuccio/cowsay}",
}

@inproceedings {slacker,
	author = {Tyler Harter and Brandon Salmon and Rose Liu and Andrea C. Arpaci-Dusseau and Remzi H. Arpaci-Dusseau},
	title = {{Slacker: Fast Distribution with Lazy Docker Containers}},
	booktitle = {USENIX FAST'16},
}
@inproceedings{littley2019bolt,
	title={Bolt: Towards a Scalable Docker Registry via Hyperconvergence},
	author={Littley, Michael and Anwar, Ali and Fayyaz, Hannan and Fayyaz, Zeshan and Tarasov, Vasily and Rupprecht, Lukas and Skourtis, Dimitrios and Mohamed, Mohamed and Ludwig, Heiko and Cheng, Yue and others},
	booktitle={2019 IEEE 12th International Conference on Cloud Computing (CLOUD)},
	pages={358--366},
	year={2019},
	organization={IEEE}
}

@inproceedings{kargercons,
	author = {Karger, David and Lehman, Eric and Leighton, Tom and Panigrahy, Rina and Levine, Matthew and Lewin, Daniel},
	title = {Consistent Hashing and Random Trees: Distributed Caching Protocols for Relieving Hot Spots on the World Wide Web},
	booktitle = {Proceedings of the Twenty-ninth Annual ACM Symposium on Theory of Computing},
	series = {STOC '97},
	year = {1997},
	isbn = {0-89791-888-6},
	location = {El Paso, Texas, USA},
	pages = {654--663},
	numpages = {10},
	url = {http://doi.acm.org/10.1145/258533.258660},
	doi = {10.1145/258533.258660},
	acmid = {258660},
	publisher = {ACM},
	address = {New York, NY, USA},
} 



@MISC{dockerregistryclient,
	TITLE =	"{Docker Registry Client}",
	NOTE =	"\url{https://github.com/heroku/docker-registry-client}",
}

%relatedwork

@inproceedings{largefscontent,
	author = {Douceur, John R. and Bolosky, William J.},
	title = {A Large-scale Study of File-system Contents},
	booktitle = {Proceedings of the 1999 ACM SIGMETRICS International Conference on Measurement and Modeling of Computer Systems},
	series = {SIGMETRICS '99},
	year = {1999},
	isbn = {1-58113-083-X},
	location = {Atlanta, Georgia, USA},
	pages = {59--70},
	numpages = {12},
	url = {http://doi.acm.org/10.1145/301453.301480},
	doi = {10.1145/301453.301480},
	acmid = {301480},
	publisher = {ACM},
	address = {New York, NY, USA},
	keywords = {analytical modeling, directory hierarchy, file-system contents, static data snapshot, workload characterization},
} 

@INPROCEEDINGS{dockerfinder, 
	author={A. Brogi and D. Neri and J. Soldani}, 
	booktitle={IEEE IC2E'17}, 
	title={{DockerFinder: Multi-attribute Search of Docker Images}},
}

@INPROCEEDINGS{dockerssd, 
	author={J. Bhimani and J. Yang and Z. Yang and N. Mi and Q. Xu and M. Awasthi and R. Pandurangan and V. Balakrishnan}, 
	booktitle={IEEE IPCCC'16}, 
	title={{Understanding performance of I/O intensive containerized applications for NVMe SSDs}}, 
}

@inproceedings{dockervulnerabile,
	author = {Shu, Rui and Gu, Xiaohui and Enck, William},
	title = {{A Study of Security Vulnerabilities on Docker Hub}},
	booktitle = {ACM CODASPY'17},
} 

@inproceedings{analysisdockergithub,
	author = {Cito, J\"{u}rgen and Schermann, Gerald and Wittern, John Erik and Leitner, Philipp and Zumberi, Sali and Gall, Harald C.},
	title = {{An Empirical Analysis of the Docker Container Ecosystem on GitHub}},
	booktitle = {IEEE MSR'17},
} 

@article{distributedatainfs,
	title = "The implications of distributed data in a commercial environment on the design of hierarchical storage management",
	journal = "Performance Evaluation",
	volume = "20",
	number = "1",
	pages = "3 - 25",
	year = "1994",
	note = "Performance '93",
	issn = "0166-5316",
	doi = "https://doi.org/10.1016/0166-5316(94)90003-5",
	url = "http://www.sciencedirect.com/science/article/pii/0166531694900035",
	author = "Tracy F. Sienknecht and Richard J. Friedrich and Joseph J. Martinka and Peter M. Friedenbach",
	keywords = "File system",
	keywords = "Workload characterization",
	keywords = "Hierarchical storage"
}

@article{fiveyearfsmetadata,
	author = {Agrawal, Nitin and Bolosky, William J. and Douceur, John R. and Lorch, Jacob R.},
	title = {A Five-year Study of File-system Metadata},
	journal = {Trans. Storage},
	issue_date = {October 2007},
	volume = {3},
	number = {3},
	month = oct,
	year = {2007},
	issn = {1553-3077},
	articleno = {9},
	url = {http://doi.acm.org/10.1145/1288783.1288788},
	doi = {10.1145/1288783.1288788},
	acmid = {1288788},
	publisher = {ACM},
	address = {New York, NY, USA},
	keywords = {File systems, generative model, longitudinal study},
}

@INPROCEEDINGS{improve-cow-container-drivers,
	 TITLE =        {{Improving Copy-on-Write Performance in Container Storage Drivers}},
	  AUTHOR =       "Frank Zhao and Kevin Xu and Randy Shain",
	   BOOKTITLE =            "SNIA SDC'16",
}

@INPROCEEDINGS{exoclones,
	  TITLE =       {{Exo-clones: Better Container Runtime Image Management Across the Clouds}},
	    AUTHOR =      "Richard P. Spillane and Wenguang Wang and Luke Lu and Maxime Austruy and Rawlinson Rivera and Christos Karamanolis",
	      BOOKTITLE =   "USENIX HotStorage'16",
}

@INPROCEEDINGS {shifter,
	  TITLE =       {{Shifter: Containers for {HPC}}},
	    AUTHOR =      "Richard Shane Canon and Doug Jacobsen",
	      BOOKTITLE =   "Cray User Group'16", 
}

@inproceedings{muthitacharoen2001low,
	title={A low-bandwidth network file system},
	author={Muthitacharoen, Athicha and Chen, Benjie and Mazieres, David},
	booktitle={ACM SIGOPS Operating Systems Review},
	volume={35},
	number={5},
	pages={174--187},
	year={2001},
	organization={ACM}
}

@inproceedings{zhu2008avoiding,
	title={Avoiding the Disk Bottleneck in the Data Domain Deduplication File System.},
	author={Zhu, Benjamin and Li, Kai and Patterson, R Hugo},
	booktitle={Fast},
	volume={8},
	pages={1--14},
	year={2008}
}

@inproceedings{2009-sparse_indexing_inline_dedup_using_sampling-fast,
	  title =        "Sparse Indexing: Large Scale, Inline Deduplication Using                           
		                    Sampling and Locality",
	    author =       "M. Lillibridge and K. Eshghi and D. Bhagwat and
		                      V. Deolalikar and G. Trezise and P. Camble",
	      booktitle =    "USENIX FAST '09",
}


@inproceedings{tarasov2014dmdedup,
	  title={Dmdedup: Device mapper target for data deduplication},
	    author={Tarasov, Vasily and Jain, Deepak and Kuenning, Geoff and Mandal, Sonam and Palanisami, Karthikeyani and Shilane, Philip and Trehan, Sagar and Zadok, Erez},
	      booktitle={Ottawa Linux Symposium'14},
}

@inproceedings{zhou2013characterizing,
	title={Characterizing the efficiency of data deduplication for big data storage management},
	author={Zhou, Ruijin and Liu, Ming and Li, Tao},
	booktitle={2013 IEEE international symposium on workload characterization (IISWC)},
	pages={98--108},
	year={2013},
	organization={IEEE}
}

@inproceedings{2013-charact_increment_changes_data_protect-atc,
	  title =        "Characterization of Incremental Data Changes for Efficient Data Protection",
	    author =       "H. Shim and P. Shilane and W. Hsu",
	      booktitle =    "USENIX ATC'13",
}

@inproceedings{wallace2012characteristics,
	title={Characteristics of backup workloads in production systems.},
	author={Wallace, Grant and Douglis, Fred and Qian, Hangwei and Shilane, Philip and Smaldone, Stephen and Chamness, Mark and Hsu, Windsor},
	booktitle={FAST},
	volume={12},
	pages={4--4},
	year={2012}
}

@inproceedings{jayaram2011empirical,
	title={An empirical analysis of similarity in virtual machine images},
	author={Jayaram, KR and Peng, Chunyi and Zhang, Zhe and Kim, Minkyong and Chen, Han and Lei, Hui},
	booktitle={Proceedings of the Middleware 2011 Industry Track Workshop},
	pages={6},
	year={2011},
	organization={ACM}
}

@inproceedings{srinivasan2012idedup,
	title={iDedup: latency-aware, inline data deduplication for primary storage.},
	author={Srinivasan, Kiran and Bisson, Timothy and Goodson, Garth R and Voruganti, Kaladhar},
	booktitle={Fast},
	volume={12},
	pages={1--14},
	year={2012}
}

@inproceedings{2012-hpc_practical_dedup_study-sc,
	  title =        "A Study on Data Deduplication in {HPC} Storage Systems",
	    author =       "D. Meister and J. Kaiser and A. Brinkmann and T. Cortes
		                      and M. Kuhn and J. Kunkel",
	      booktitle =    "ACM/IEEE SC'12",
}

@INPROCEEDINGS{msst16dedup-study,
	  AUTHOR =       "Zhen Sun and Geoff Kuenning and Sonam Mandal and Philip
		                    Shilane and Vasily Tarasov and Nong Xiao and Erez Zadok",                          
				      TITLE =        "A Long-Term User-Centric Analysis of Deduplication
				                        Patterns",
  BOOKTITLE =    "IEEE MSST'16",
}

@inproceedings{lu2012insights,
	title={Insights for data reduction in primary storage: a practical analysis},
	author={Lu, Maohua and Chambliss, David and Glider, Joseph and Constantinescu, Cornel},
	booktitle={Proceedings of the 5th Annual International Systems and Storage Conference},
	pages={17},
	year={2012},
	organization={ACM}
}

@inproceedings{lillibridge2013improving,
	title={Improving restore speed for backup systems that use inline chunk-based deduplication},
	author={Lillibridge, Mark and Eshghi, Kave and Bhagwat, Deepavali},
	booktitle={Presented as part of the 11th $\{$USENIX$\}$ Conference on File and Storage Technologies ($\{$FAST$\}$ 13)},
	pages={183--197},
	year={2013}
}

@inproceedings{fu2014accelerating,
	title={Accelerating restore and garbage collection in deduplication-based backup systems via exploiting historical information},
	author={Fu, Min and Feng, Dan and Hua, Yu and He, Xubin and Chen, Zuoning and Xia, Wen and Huang, Fangting and Liu, Qing},
	booktitle={2014 $\{$USENIX$\}$ Annual Technical Conference ($\{$USENIX$\}$$\{$ATC$\}$ 14)},
	pages={181--192},
	year={2014}
}

@inproceedings{fu2015design,
	title={Design tradeoffs for data deduplication performance in backup workloads},
	author={Fu, Min and Feng, Dan and Hua, Yu and He, Xubin and Chen, Zuoning and Xia, Wen and Zhang, Yucheng and Tan, Yujuan},
	booktitle={13th $\{$USENIX$\}$ Conference on File and Storage Technologies ($\{$FAST$\}$ 15)},
	pages={331--344},
	year={2015}
}

@inproceedings{fu2011aa,
	title={Aa-dedupe: An application-aware source deduplication approach for cloud backup services in the personal computing environment},
	author={Fu, Yinjin and Jiang, Hong and Xiao, Nong and Tian, Lei and Liu, Fang},
	booktitle={2011 IEEE International Conference on Cluster Computing},
	pages={112--120},
	year={2011},
	organization={IEEE}
}

@inproceedings{jin2009effectiveness,
	title={The effectiveness of deduplication on virtual machine disk images},
	author={Jin, Keren and Miller, Ethan L},
	booktitle={Proceedings of SYSTOR 2009: The Israeli Experimental Systems Conference},
	pages={7},
	year={2009},
	organization={ACM}
}

@inproceedings{pooranian2018rare,
  title={RARE: Defeating side channels based on data-deduplication in cloud storage},
  author={Pooranian, Zahra and Chen, Kang-Cheng and Yu, Chia-Mu and Conti, Mauro},
  booktitle={IEEE INFOCOM 2018-IEEE Conference on Computer Communications Workshops (INFOCOM WKSHPS)},
  pages={444--449},
  year={2018},
  organization={IEEE}
}

@article{adams2006comparison,
	  title={A comparison of software and hardware techniques for x86 virtualization},
	    author={Adams, Keith and Agesen, Ole},
	      journal={ACM SIGOPS Operating Systems Review},
	        volume={40},
		  number={5},
		    pages={2--13},
		      year={2006},
		        publisher={ACM}
}

@book{wolff2016microservices,
	  title={Microservices: flexible software architecture},
	    author={Wolff, Eberhard},
	      year={2016},
	        publisher={Addison-Wesley Professional}
}

@inproceedings{skourtis2019carving,
	  title={Carving perfect layers out of Docker images},
	    author={Skourtis, Dimitris and Rupprecht, Lukas and Tarasov, Vasily and Megiddo, Nimrod},
	      booktitle={11th $\{$USENIX$\}$ Workshop on Hot Topics in Cloud Computing (HotCloud 19)},
	        year={2019}
}

@article{paulo2014survey,
	  title={A survey and classification of storage deduplication systems},
	    author={Paulo, Jo{\~a}o and Pereira, Jos{\'e}},
	      journal={ACM Computing Surveys (CSUR)},
	        volume={47},
		  number={1},
		    pages={11},
		      year={2014},
		        publisher={ACM}
}
