@MISC{docker,
	  TITLE =	"Docker",
	    NOTE =	"\url{https://www.docker.com/}",
}

@MISC{docker-hub,
	  TITLE =	"{Docker Hub}",
	    NOTE =	"\url{https://hub.docker.com/}",
}
@MISC{container-grow-by2020,
	TITLE =	{{Application Containers Will Be a \$2.7Bn Market by 2020}},
	AUTHOR =	"{451 Research}",
	NOTE =	"\url{https://451research.com/images/Marketing/press_releases/Application-container-market-will-reach-2-7bn-in-2020_final_graphic.pdf}",
}
%background
@inproceedings{xen,
	author = {Barham, Paul and Dragovic, Boris and Fraser, Keir and Hand, Steven and Harris, Tim and Ho, Alex and Neugebauer, Rolf and Pratt, Ian and Warfield, Andrew},
	title = {Xen and the Art of Virtualization},
	booktitle = {Proceedings of the Nineteenth ACM Symposium on Operating Systems Principles},
	series = {SOSP '03},
	year = {2003},
	isbn = {1-58113-757-5},
	location = {Bolton Landing, NY, USA},
	pages = {164--177},
	numpages = {14},
	url = {http://doi.acm.org/10.1145/945445.945462},
	doi = {10.1145/945445.945462},
	acmid = {945462},
	publisher = {ACM},
	address = {New York, NY, USA},
	keywords = {hypervisors, paravirtualization, virtual machine monitors},
} 

@article{Disco,
	author = {Bugnion, Edouard and Devine, Scott and Govil, Kinshuk and Rosenblum, Mendel},
	title = {Disco: Running Commodity Operating Systems on Scalable Multiprocessors},
	journal = {ACM Trans. Comput. Syst.},
	issue_date = {Nov. 1997},
	volume = {15},
	number = {4},
	month = nov,
	year = {1997},
	issn = {0734-2071},
	pages = {412--447},
	numpages = {36},
	url = {http://doi.acm.org/10.1145/265924.265930},
	doi = {10.1145/265924.265930},
	acmid = {265930},
	publisher = {ACM},
	address = {New York, NY, USA},
	keywords = {scalable multiprocessors, virtual machines},
} 

@MISC{LXC,
	TITLE =	"{Linux Containers}",
	NOTE =	"\url{http://linuxcontainers.org}",
}

@inproceedings {slacker,
	author = {Tyler Harter and Brandon Salmon and Rose Liu and Andrea C. Arpaci-Dusseau and Remzi H. Arpaci-Dusseau},
	title = {Slacker: Fast Distribution with Lazy Docker Containers},
	booktitle = {14th {USENIX} Conference on File and Storage Technologies ({FAST} 16)},
	year = {2016},
	isbn = {978-1-931971-28-7},
	address = {Santa Clara, CA},
	pages = {181--195},
	url = {https://www.usenix.org/conference/fast16/technical-sessions/presentation/harter},
	publisher = {{USENIX} Association},
}

%relatedwork

@INPROCEEDINGS{dockerfinder, 
	author={A. Brogi and D. Neri and J. Soldani}, 
	booktitle={2017 IEEE International Conference on Cloud Engineering (IC2E)}, 
	title={DockerFinder: Multi-attribute Search of Docker Images}, 
	year={2017}, 
	pages={273-278}, 
	keywords={image retrieval;Docker containers;Docker image multiattribute search;Docker registries;DockerFinder;microservice-based prototype;multiattribute image descriptions;Computer architecture;Containers;Crawlers;Feature extraction;Graphical user interfaces;Prototypes;Software;Docker;image search;microservices}, 
	doi={10.1109/IC2E.2017.41}, 
	month={April},	
}

@inproceedings{dockervulnerabile,
	author = {Shu, Rui and Gu, Xiaohui and Enck, William},
	title = {A Study of Security Vulnerabilities on Docker Hub},
	booktitle = {Proceedings of the Seventh ACM on Conference on Data and Application Security and Privacy},
	series = {CODASPY '17},
	year = {2017},
	isbn = {978-1-4503-4523-1},
	location = {Scottsdale, Arizona, USA},
	pages = {269--280},
	numpages = {12},
	url = {http://doi.acm.org/10.1145/3029806.3029832},
	doi = {10.1145/3029806.3029832},
	acmid = {3029832},
	publisher = {ACM},
	address = {New York, NY, USA},
	keywords = {docker images, security vulnerabilities, vulnerability propagation},
} 

@inproceedings{analysisdockergithub,
	author = {Cito, J\"{u}rgen and Schermann, Gerald and Wittern, John Erik and Leitner, Philipp and Zumberi, Sali and Gall, Harald C.},
	title = {An Empirical Analysis of the Docker Container Ecosystem on GitHub},
	booktitle = {Proceedings of the 14th International Conference on Mining Software Repositories},
	series = {MSR '17},
	year = {2017},
	isbn = {978-1-5386-1544-7},
	location = {Buenos Aires, Argentina},
	pages = {323--333},
	numpages = {11},
	url = {https://doi.org/10.1109/MSR.2017.67},
	doi = {10.1109/MSR.2017.67},
	acmid = {3104229},
	publisher = {IEEE Press},
	address = {Piscataway, NJ, USA},
	keywords = {GitHub, docker, empirical software engineering},
} 

